<marc:collection xmlns:marc="http://www.loc.gov/MARC21/slim" xmlns:xsi="http://www.w3.org/2001/XMLSchema-instance" xsi:schemaLocation="http://www.loc.gov/MARC21/slim http://www.loc.gov/standards/marcxml/schema/MARC21slim.xsd">
    <marc:record type="Bibliographic">
        <marc:leader>03575cem a2200553 a 4500</marc:leader>
        <marc:controlfield tag="001">5625225</marc:controlfield>
        <marc:controlfield tag="005">20140221104704.0</marc:controlfield>
        <marc:controlfield tag="007">aj canzn</marc:controlfield>
        <marc:controlfield tag="008">981202s1619    ne i      b     0   lat d</marc:controlfield>
        <marc:datafield tag="024" ind1="0" ind2=" ">
            <marc:subfield code="a">HM 2009-27</marc:subfield>
        </marc:datafield>
        <marc:datafield tag="024" ind1="0" ind2=" ">
            <marc:subfield code="a">HM 2013-40</marc:subfield>
        </marc:datafield>
        <marc:datafield tag="040" ind1=" " ind2=" ">
            <marc:subfield code="a">NjP</marc:subfield>
            <marc:subfield code="c">NjP</marc:subfield>
        </marc:datafield>
        <marc:datafield tag="034" ind1="0" ind2=" ">
            <marc:subfield code="a">a</marc:subfield>
        </marc:datafield>
        <marc:datafield tag="130" ind1="0" ind2=" ">
            <marc:subfield code="a">Peutinger table.</marc:subfield>
        </marc:datafield>
        <marc:datafield tag="245" ind1="1" ind2="0">
            <marc:subfield code="a">Tabula itineraria ex illustri Peutingerorum Bibliotheca quae Augustae Vindel. est</marc:subfield>
            <marc:subfield code="h">[map] /</marc:subfield>
            <marc:subfield code="c">beneficio Marci Velseri ... in lucem edita ; ... Ioannes Moretus typographus Antverp. S.P.D. ... Antuerpiae è Typographieio nostro. Kal. Decemb. M.D.XCVIII.</marc:subfield>
        </marc:datafield>
        <marc:datafield tag="246" ind1="3" ind2=" ">
            <marc:subfield code="i">Caption title:</marc:subfield>
            <marc:subfield code="a">Tabulae Peutingerianae segmentum</marc:subfield>
        </marc:datafield>
        <marc:datafield tag="255" ind1=" " ind2=" ">
            <marc:subfield code="a">Scale not given.</marc:subfield>
        </marc:datafield>
        <marc:datafield tag="260" ind1=" " ind2=" ">
            <marc:subfield code="a">[Amsterdam :</marc:subfield>
            <marc:subfield code="b">J. Hondius,</marc:subfield>
            <marc:subfield code="c">1619]</marc:subfield>
        </marc:datafield>
        <marc:datafield tag="300" ind1=" " ind2=" ">
            <marc:subfield code="a">1 map in 8 segments on 4 sheets :</marc:subfield>
            <marc:subfield code="b">hand col. ;</marc:subfield>
            <marc:subfield code="c">each segment 19 x 52 cm., on sheets 41 x 53 cm.</marc:subfield>
        </marc:datafield>
        <marc:datafield tag="500" ind1=" " ind2=" ">
            <marc:subfield code="a">Relief shown pictorially.</marc:subfield>
        </marc:datafield>
        <marc:datafield tag="500" ind1=" " ind2=" ">
            <marc:subfield code="a">Text on verso of first sheet.</marc:subfield>
        </marc:datafield>
        <marc:datafield tag="500" ind1=" " ind2=" ">
            <marc:subfield code="a">Each segment has caption title,Tabulae Peutingerianae segmentum, numbered from 1-8, with indication of cities at beginning and end of road segment.</marc:subfield>
        </marc:datafield>
        <marc:datafield tag="500" ind1=" " ind2=" ">
            <marc:subfield code="a">From: Theatrum geographiæ veteris, duobus tomis distinctum / edente Petro Bertio Bevero ... Amstelodami : Ex officina Iudoci Hondij, 1619 .</marc:subfield>
        </marc:datafield>
        <marc:datafield tag="500" ind1=" " ind2=" ">
            <marc:subfield code="a">"Ortelius knew about the existence of a series of manuscript road maps, showing the Roman view of the world at around the third century. The original ... came into the hands of Konrad Peutinger (1465-1547) and later went to his relative Mark Welser. Welser was the first to publish a copy of it in 1591 ... Ortelius found this copy inadequate. Therefore, in 1598 new manuscript copies were made at his request by Welser. The present set of eight plates on four sheets were engraved following these copies ... Bertius included these prints in his Theatrum geographiae veteris without text, but with geographical indication per strip in 1619."--Broecke, M.P.R. van den, Ortelius atlas maps.</marc:subfield>
        </marc:datafield>
        <marc:datafield tag="510" ind1="4" ind2=" ">
            <marc:subfield code="a">Broecke, M.P.R. van den.  Ortelius atlas maps</marc:subfield>
            <marc:subfield code="c">227</marc:subfield>
        </marc:datafield>
        <marc:datafield tag="510" ind1="4" ind2=" ">
            <marc:subfield code="a">Shirley</marc:subfield>
            <marc:subfield code="c">212</marc:subfield>
        </marc:datafield>
        <marc:datafield tag="541" ind1=" " ind2=" ">
            <marc:subfield code="a">Historic Maps copy 2 is gift of Holly and Henry Wendt, Princeton Class of 1955.</marc:subfield>
            <marc:subfield code="5">NjP</marc:subfield>
        </marc:datafield>
        <marc:datafield tag="650" ind1=" " ind2="0">
            <marc:subfield code="a">Geography, Ancient</marc:subfield>
            <marc:subfield code="v">Maps.</marc:subfield>
        </marc:datafield>
        <marc:datafield tag="650" ind1=" " ind2="0">
            <marc:subfield code="a">Roads, Roman</marc:subfield>
            <marc:subfield code="v">Maps</marc:subfield>
            <marc:subfield code="v">Early works to 1800.</marc:subfield>
        </marc:datafield>
        <marc:datafield tag="651" ind1=" " ind2="0">
            <marc:subfield code="a">Rome</marc:subfield>
            <marc:subfield code="x">History</marc:subfield>
            <marc:subfield code="y">Empire, 30 B.C.-284 A.D.</marc:subfield>
            <marc:subfield code="v">Maps.</marc:subfield>
        </marc:datafield>
        <marc:datafield tag="655" ind1=" " ind2="7">
            <marc:subfield code="a">Historical maps</marc:subfield>
            <marc:subfield code="z">Roman Empire.</marc:subfield>
            <marc:subfield code="2">aat</marc:subfield>
        </marc:datafield>
        <marc:datafield tag="655" ind1=" " ind2="7">
            <marc:subfield code="a">World maps</marc:subfield>
            <marc:subfield code="y">1619.</marc:subfield>
            <marc:subfield code="2">aat</marc:subfield>
        </marc:datafield>
        <marc:datafield tag="700" ind1="1" ind2=" ">
            <marc:subfield code="a">Peutinger, Konrad,</marc:subfield>
            <marc:subfield code="d">1465-1546 or 1547.</marc:subfield>
        </marc:datafield>
        <marc:datafield tag="700" ind1="1" ind2=" ">
            <marc:subfield code="a">Welser, Marcus,</marc:subfield>
            <marc:subfield code="d">1558-1614.</marc:subfield>
        </marc:datafield>
        <marc:datafield tag="700" ind1="1" ind2=" ">
            <marc:subfield code="a">Moretus, Jan,</marc:subfield>
            <marc:subfield code="d">1543-1610.</marc:subfield>
        </marc:datafield>
        <marc:datafield tag="700" ind1="1" ind2=" ">
            <marc:subfield code="a">Ortelius, Abraham,</marc:subfield>
            <marc:subfield code="d">1527-1598.</marc:subfield>
        </marc:datafield>
        <marc:datafield tag="700" ind1="1" ind2=" ">
            <marc:subfield code="a">Bertius, Petrus,</marc:subfield>
            <marc:subfield code="d">1565-1629.</marc:subfield>
            <marc:subfield code="t">Theatrum geographiae veteris.</marc:subfield>
        </marc:datafield>
        <marc:datafield tag="856" ind1="4" ind2="1">
            <marc:subfield code="z">See the map (sheet 1 map)</marc:subfield>
            <marc:subfield code="u">http://gisserver.princeton.edu/map/17690</marc:subfield>
        </marc:datafield>
        <marc:datafield tag="856" ind1="4" ind2="1">
            <marc:subfield code="z">See the map (sheet 1 verso)</marc:subfield>
            <marc:subfield code="u">http://gisserver.princeton.edu/map/17699</marc:subfield>
        </marc:datafield>
        <marc:datafield tag="856" ind1="4" ind2="1">
            <marc:subfield code="z">See the map (sheet 2)</marc:subfield>
            <marc:subfield code="u">http://gisserver.princeton.edu/map/17691</marc:subfield>
        </marc:datafield>
        <marc:datafield tag="856" ind1="4" ind2="1">
            <marc:subfield code="z">See the map (sheet 3)</marc:subfield>
            <marc:subfield code="u">http://gisserver.princeton.edu/map/17692</marc:subfield>
        </marc:datafield>
        <marc:datafield tag="856" ind1="4" ind2="1">
            <marc:subfield code="z">See the map (sheet 4)</marc:subfield>
            <marc:subfield code="u">http://gisserver.princeton.edu/map/17693</marc:subfield>
        </marc:datafield>
        <marc:datafield tag="856" ind1="4" ind2="1">
            <marc:subfield code="z">See the map (copy 2, sheet 1 map</marc:subfield>
            <marc:subfield code="u">http://gisserver.princeton.edu/map/27904</marc:subfield>
        </marc:datafield>
        <marc:datafield tag="856" ind1="4" ind2="1">
            <marc:subfield code="z">See the map (copy 2, sheet 1 verso</marc:subfield>
            <marc:subfield code="u">http://gisserver.princeton.edu/map/27905</marc:subfield>
        </marc:datafield>
        <marc:datafield tag="856" ind1="4" ind2="1">
            <marc:subfield code="z">See the map (copy 2, sheet 2)</marc:subfield>
            <marc:subfield code="u">http://gisserver.princeton.edu/map/27906</marc:subfield>
        </marc:datafield>
        <marc:datafield tag="856" ind1="4" ind2="1">
            <marc:subfield code="z">See the map (copy 2, sheet 3)</marc:subfield>
            <marc:subfield code="u">http://gisserver.princeton.edu/map/27907</marc:subfield>
        </marc:datafield>
        <marc:datafield tag="856" ind1="4" ind2="1">
            <marc:subfield code="z">See the map (copy 2, sheet 4)</marc:subfield>
            <marc:subfield code="u">http://gisserver.princeton.edu/map/27908</marc:subfield>
        </marc:datafield>
        <marc:datafield tag="904" ind1=" " ind2=" ">
            <marc:subfield code="a">twm</marc:subfield>
            <marc:subfield code="b">o</marc:subfield>
            <marc:subfield code="h">m</marc:subfield>
            <marc:subfield code="c">p</marc:subfield>
            <marc:subfield code="e">20081215</marc:subfield>
        </marc:datafield>
        <marc:datafield tag="902" ind1=" " ind2=" ">
            <marc:subfield code="a">gls</marc:subfield>
            <marc:subfield code="b">m</marc:subfield>
            <marc:subfield code="6">e</marc:subfield>
            <marc:subfield code="7">m</marc:subfield>
            <marc:subfield code="d">v</marc:subfield>
            <marc:subfield code="f">1</marc:subfield>
            <marc:subfield code="e">20090203</marc:subfield>
        </marc:datafield>
    </marc:record>
    <marc:record type="Holdings">
        <marc:leader>00172cx  a22000854  4500</marc:leader>
        <marc:controlfield tag="001">5734463</marc:controlfield>
        <marc:controlfield tag="004">5625225</marc:controlfield>
        <marc:controlfield tag="005">20090130141100.0</marc:controlfield>
        <marc:controlfield tag="008">0812150p    8   1001uu   0000000</marc:controlfield>
        <marc:datafield tag="852" ind1="8" ind2=" ">
            <marc:subfield code="b">map</marc:subfield>
            <marc:subfield code="h">HMC01.6433</marc:subfield>
        </marc:datafield>
    </marc:record>
    <marc:record type="Holdings">
        <marc:leader>00172nx  a22000851  4500</marc:leader>
        <marc:controlfield tag="001">5760018</marc:controlfield>
        <marc:controlfield tag="004">5625225</marc:controlfield>
        <marc:controlfield tag="005">20090203113658.0</marc:controlfield>
        <marc:controlfield tag="008">0902034u    8   1001uu   0901128</marc:controlfield>
        <marc:datafield tag="852" ind1="8" ind2=" ">
            <marc:subfield code="b">map</marc:subfield>
            <marc:subfield code="h">HMC01.6434</marc:subfield>
        </marc:datafield>
    </marc:record>
    <marc:record type="Holdings">
        <marc:leader>00172nx  a22000851  4500</marc:leader>
        <marc:controlfield tag="001">5760019</marc:controlfield>
        <marc:controlfield tag="004">5625225</marc:controlfield>
        <marc:controlfield tag="005">20090203113845.0</marc:controlfield>
        <marc:controlfield tag="008">0902034u    8   1001uu   0901128</marc:controlfield>
        <marc:datafield tag="852" ind1="8" ind2=" ">
            <marc:subfield code="b">map</marc:subfield>
            <marc:subfield code="h">HMC01.6435</marc:subfield>
        </marc:datafield>
    </marc:record>
    <marc:record type="Holdings">
        <marc:leader>00172nx  a22000851  4500</marc:leader>
        <marc:controlfield tag="001">5760020</marc:controlfield>
        <marc:controlfield tag="004">5625225</marc:controlfield>
        <marc:controlfield tag="005">20090203114047.0</marc:controlfield>
        <marc:controlfield tag="008">0902034u    8   1001uu   0901128</marc:controlfield>
        <marc:datafield tag="852" ind1="8" ind2=" ">
            <marc:subfield code="b">map</marc:subfield>
            <marc:subfield code="h">HMC01.6436</marc:subfield>
        </marc:datafield>
    </marc:record>
    <marc:record type="Holdings">
        <marc:leader>00182nx  a22000854  4500</marc:leader>
        <marc:controlfield tag="001">7316209</marc:controlfield>
        <marc:controlfield tag="004">5625225</marc:controlfield>
        <marc:controlfield tag="005">20130513150656.0</marc:controlfield>
        <marc:controlfield tag="008">1305134u    8   1001uu   0901128</marc:controlfield>
        <marc:datafield tag="852" ind1="8" ind2=" ">
            <marc:subfield code="b">elf1</marc:subfield>
            <marc:subfield code="h">Electronic Resource</marc:subfield>
        </marc:datafield>
    </marc:record>
    <marc:record type="Holdings">
        <marc:leader>00177cx  a22000851  4500</marc:leader>
        <marc:controlfield tag="001">7386064</marc:controlfield>
        <marc:controlfield tag="004">5625225</marc:controlfield>
        <marc:controlfield tag="005">20130531100745.0</marc:controlfield>
        <marc:controlfield tag="008">1305294u    8   1001uu   0901128</marc:controlfield>
        <marc:datafield tag="852" ind1="0" ind2=" ">
            <marc:subfield code="b">map</marc:subfield>
            <marc:subfield code="t">2</marc:subfield>
            <marc:subfield code="h">HMC01.6894.1</marc:subfield>
        </marc:datafield>
    </marc:record>
    <marc:record type="Holdings">
        <marc:leader>00177nx  a22000851  4500</marc:leader>
        <marc:controlfield tag="001">7388320</marc:controlfield>
        <marc:controlfield tag="004">5625225</marc:controlfield>
        <marc:controlfield tag="005">20130531100811.0</marc:controlfield>
        <marc:controlfield tag="008">1305314u    8   1001uu   0901128</marc:controlfield>
        <marc:datafield tag="852" ind1="0" ind2=" ">
            <marc:subfield code="b">map</marc:subfield>
            <marc:subfield code="t">2</marc:subfield>
            <marc:subfield code="h">HMC01.6894.2</marc:subfield>
        </marc:datafield>
    </marc:record>
    <marc:record type="Holdings">
        <marc:leader>00177cx  a22000851  4500</marc:leader>
        <marc:controlfield tag="001">7388321</marc:controlfield>
        <marc:controlfield tag="004">5625225</marc:controlfield>
        <marc:controlfield tag="005">20130531101005.0</marc:controlfield>
        <marc:controlfield tag="008">1305314u    8   1001uu   0901128</marc:controlfield>
        <marc:datafield tag="852" ind1="0" ind2=" ">
            <marc:subfield code="b">map</marc:subfield>
            <marc:subfield code="t">2</marc:subfield>
            <marc:subfield code="h">HMC01.6894.3</marc:subfield>
        </marc:datafield>
    </marc:record>
    <marc:record type="Holdings">
        <marc:leader>00177nx  a22000851  4500</marc:leader>
        <marc:controlfield tag="001">7388322</marc:controlfield>
        <marc:controlfield tag="004">5625225</marc:controlfield>
        <marc:controlfield tag="005">20130531101142.0</marc:controlfield>
        <marc:controlfield tag="008">1305314u    8   1001uu   0901128</marc:controlfield>
        <marc:datafield tag="852" ind1="0" ind2=" ">
            <marc:subfield code="b">map</marc:subfield>
            <marc:subfield code="t">2</marc:subfield>
            <marc:subfield code="h">HMC01.6894.4</marc:subfield>
        </marc:datafield>
    </marc:record>
</marc:collection>
